<?xml version="1.0" encoding="UTF-8"?><collection xmlns="http://www.loc.gov/MARC21/slim"><record><leader>00593nam--2200169-i-4500</leader><controlfield tag="001">000009015</controlfield><controlfield tag="002">20161230</controlfield><controlfield tag="005">20170206203447</controlfield><controlfield tag="008">060222s1000------------r-----000-0-eng-d</controlfield><datafield ind1=" " ind2=" " tag="100"><subfield code="a">Brana, C</subfield></datafield><datafield ind1=" " ind2=" " tag="245"><subfield code="a">Siguranta in functionare si norma test pentru controlul de fabricatie al condensatoarelor styroflex</subfield></datafield><datafield ind1=" " ind2=" " tag="260"><subfield code="a">Bucuresti</subfield><subfield code="b">Consiliul National Al Inginerilor S I Tehnicienilor</subfield><subfield code="c">1969</subfield></datafield><datafield ind1=" " ind2=" " tag="300"><subfield code="a">/F.P.</subfield></datafield><datafield ind1=" " ind2=" " tag="490"><subfield code="a">A Doua Conferinta A Electricienilor. Viii. Sec Tia Fiabilitate, Securitate, Calitate</subfield></datafield><datafield ind1=" " ind2=" " tag="700"><subfield code="a">Dobrescu, D</subfield></datafield><datafield ind1=" " ind2=" " tag="852"><subfield code="a">621.38.004.6</subfield></datafield><datafield ind1=" " ind2=" " tag="CAT"><subfield code="a">SYS</subfield><subfield code="c">20170206</subfield><subfield code="h">203447</subfield></datafield></record></collection>